<record><leader>00000cas a22000007a 4500</leader><controlfield tag="001">12073376</controlfield><controlfield tag="008">850523d19031905wiuwr ne      0    0eng d</controlfield><datafield ind1=" " ind2=" " tag="010"><subfield code="a">sn 85040754 </subfield></datafield><datafield ind1=" " ind2=" " tag="040"><subfield code="a">NPV</subfield><subfield code="b">eng</subfield><subfield code="c">NPV</subfield><subfield code="d">OCLCQ</subfield></datafield><datafield ind1=" " ind2=" " tag="042"><subfield code="a">msc</subfield></datafield><datafield ind1="0" ind2="4" tag="245"><subfield code="a">The Wausau news.</subfield></datafield><datafield ind1=" " ind2=" " tag="260"><subfield code="a">Wausau, Wis. :</subfield><subfield code="b">W.R. Jaeger &amp; H. Hendrikson,</subfield><subfield code="c">1903-</subfield></datafield><datafield ind1=" " ind2=" " tag="300"><subfield code="a">v.</subfield></datafield><datafield ind1=" " ind2=" " tag="310"><subfield code="a">Weekly</subfield></datafield><datafield ind1="0" ind2=" " tag="362"><subfield code="a">Vol. 2, no. 40 (Mar. 11, 1903)-</subfield></datafield><datafield ind1="1" ind2=" " tag="362"><subfield code="a">Ceased in 1905?</subfield></datafield><datafield ind1=" " ind2=" " tag="500"><subfield code="a">Publisher varies.</subfield></datafield><datafield ind1=" " ind2=" " tag="580"><subfield code="a">Daily edition: Wausau daily news.</subfield></datafield><datafield ind1=" " ind2=" " tag="752"><subfield code="a">United States</subfield><subfield code="b">Wisconsin</subfield><subfield code="c">Marathon</subfield><subfield code="d">Wausau.</subfield></datafield><datafield ind1="1" ind2=" " tag="775"><subfield code="t">Wausau daily news</subfield><subfield code="w">(DLC)sn 87082661</subfield></datafield><datafield ind1="0" ind2="0" tag="780"><subfield code="t">North Wausau news</subfield><subfield code="w">(DLC)sn 85040753</subfield></datafield></record>